@misc{britannica2023bostonceltics,
  title={Boston Celtics},
  author={Augustyn, Adam},
  url={https://www.britannica.com/topic/Boston-Celtics},
  year={2023},
  month={Dec},
  publisher={Encyclopaedia Britannica}
}

@misc{talkbasket2022celticshistory,
  title={A Complete History of the Boston Celtics},
  author={{TalkBasket.net}},
  year={2022},
  month={Sep},
  url={https://www.talkbasket.net/149782-a-complete-history-of-the-boston-celtics},
  publisher={TalkBasket.net}
}

@misc{olguin2022magnetismceltics,
  title={A lesson in Marketing Analytics: The magnetism of the Boston Celtics},
  author={Olguin, Luis},
  year={2022},
  month={Dec},
  url={https://www.hult.edu/blog/a-lesson-in-marketing-analytics-the-magnetism-of-the-boston-celtics/},
  publisher={Hult International Business School}
}

@misc{sam2023nba,
  title={Warriors, Knicks, Lakers Headline Sportico's 2023 List of NBA's Most Valuable Teams},
  author={Sam, Doric},
  year={2023},
  month={Dec},
  url={https://bleacherreport.com/articles/10100967-warriors-knicks-lakers-headline-sporticos-2023-list-of-nbas-most-valuable-teams},
  publisher={Bleacher Report}
}

@misc{skysports2021celticslakers,
  title={Boston Celtics vs Los Angeles Lakers: The NBA's richest rivalry},
  author={{Sky Sports}},
  year={2021},
  month={Jan},
  url={https://www.skysports.com/nba/news/36244/12202131/boston-celtics-vs-los-angeles-lakers-the-nbas-richest-rivalry},
  publisher={Sky Sports}
}

@misc{hbo2023winningtime,
  title={Winning Time: The Rise of the Lakers Dynasty},
  author={{HBO}},
  year={2023},
  url={https://www.hbo.com/winning-time-the-rise-of-the-lakers-dynasty},
  publisher={HBO}
}

@misc{chen2011latentdirichlet,
  title={Introduction to Latent Dirichlet Allocation},
  author={Chen, Edwin},
  year={2011},
  month={Aug},
  url={https://blog.echen.me/2011/08/22/introduction-to-latent-dirichlet-allocation/},
  publisher={Edwin Chen's Blog}
}






